%----------------------------------------------------------------------
%Bibliografia

%Ejemplo de una cita, para despues leer las referencias/bibliografia
%\latexiie\ system~\cite{lamport}. Some of its features include a very

%----------------------------------------------------------------------
% The bibliography. This bibliography was generated using the following
% two lines:
%\bibliographystyle{IEEEbib}
%\bibliography{ieeecls}
% where, the contents of the ieeecls.bib file was:
%
%@book{lamport,
%        AUTHOR = "Leslie Lamport",
%         TITLE = "A Document Preparation System: {\LaTeX} User's Guide
%                  and Reference Manual",
%       EDITION = "Second",
%     PUBLISHER = "Addison-Wesley",
%       ADDRESS = "Reading, MA",
%          YEAR = 1994,
%          NOTE = "Be sure to get the updated version for \LaTeX2e!"
%}
%
%@book{goossens,
%        AUTHOR = "Michel Goossens and Frank Mittelbach and
%                  Alexander Samarin",
%         TITLE = "The {\LaTeX} Companion",
%     PUBLISHER = "Addison-Wesley",
%       ADDRESS = "Reading, MA",
%          YEAR = 1994,
%}
%
% The ieeecls.bbl file was manually included here to make the distribution
% of this paper easier. You need not do it for your own papers.

%----------------------------------------------------------------------
%http://texblog.org/2007/08/09/how-to-use-a-bibtex-file/
%http://ctan.mirrorcatalogs.com/macros/latex/contrib/biblatex/doc/biblatex.pdf

@book{Burden2010,
    author = {Burden, Richard L. and Faires, J. Douglas},
    title = {Numerical Analysis: 9th Ed},
    year = {2010},
    isbn = {0-538-73351-9},
    publisher = {Richard Stratton},
    address = {Boston, MA, USA},
}

@article{Bryan2006,
    author = {Bryan, Kurt and Leise, Tanya},
    keywords = {050623280,1,10,1137,15-01,15a18,15a51,ams subject classifications,doi,eigenvector,in the late 1990s,introduction,linear algebra,one thing that set,pagerank,stochastic matrix,when google went online},
    number = {3},
    journal = {SIAM Review},
    pages = {569--581},
    title = {The Linear Algebra behind Google},
    volume = {48},
    year = {2006}
}
@article{Brin1998,
    author = {Brin, Sergey and Page, Lawrence},
    doi = {10.1016/S0169-7552(98)00110-X},
    issn = {01697552},
    journal = {Computer Networks and ISDN Systems},
    keywords = {google,information retrieval,pagerank,search engines,world wide web},
    month = apr,
    number = {1-7},
    pages = {107--117},
    title = {{The anatomy of a large-scale hypertextual Web search engine}},
    url = {http://linkinghub.elsevier.com/retrieve/pii/S016975529800110X},
    volume = {30},
    year = {1998}
}

@inproceedings{Kamvar2003,
    author = {Kamvar, Sepandar D. and Haveliwala, Taher H. and Manning, Christopher D. and Golub, Gene H.},
    title = {Extrapolation methods for accelerating PageRank computations},
    booktitle = {Proceedings of the 12th international conference on World Wide Web},
    series = {WWW '03},
    year = {2003},
    isbn = {1-58113-680-3},
    location = {Budapest, Hungary},
    pages = {261--270},
    numpages = {10},
    url = {http://doi.acm.org/10.1145/775152.775190},
    doi = {10.1145/775152.775190},
    acmid = {775190},
    publisher = {ACM},
    address = {New York, NY, USA},
    keywords = {PageRank, eigenvector computation, link analysis},
} 

@inproceedings{Govan2008,
    author = {Govan, Angela Y. and Meyer, Carl D. and Albright, Rusell},
    title = {Generalizing Google's PageRank to Rank National Football League Teams},
    booktitle = {Proceedings of SAS Global Forum 2008},
    year = {2008},
    numpages = {11},
}


@MISC{SNAP,
    title={Stanford Large Network Dataset Collection},
    howpublished = {\url{http://snap.stanford.edu/data/\#web}}
}

@MISC{datahub,
    title={DataHub},
    howpublished = {\url{http://datahub.io}}
}

@MISC{dataset,
    title = {},
    howpublished = {\url{http://www.cs.toronto.edu/~tsap/experiments/datasets/}}
}

@article{Kleinberg,
    author = {Kleinberg, Jon M.},
    title = {Authoritative Sources in a Hyperlinked Environment},
    journal = {J. ACM},
    issue_date = {Sept. 1999},
    volume = {46},
    number = {5},
    month = sep,
    year = {1999},
    issn = {0004-5411},
    pages = {604--632},
    numpages = {29},
    url = {http://doi.acm.org/10.1145/324133.324140},
    doi = {10.1145/324133.324140},
    acmid = {324140},
    publisher = {ACM},
    address = {New York, NY, USA},
    keywords = {World Wide Web, graph algorithms, hypertext structure, link analysis},
}


@article{TP2,
    author = {Kleinberg, Jon M.},
    title = {Authoritative Sources in a Hyperlinked Environment},
    journal = {J. ACM},
    issue_date = {Sept. 1999},
    volume = {46},
    number = {5},
    month = sep,
    year = {1999},
    issn = {0004-5411},
    pages = {604--632},
    numpages = {29},
    url = {http://doi.acm.org/10.1145/324133.324140},
    doi = {10.1145/324133.324140},
    acmid = {324140},
    publisher = {ACM},
    address = {New York, NY, USA},
    keywords = {World Wide Web, graph algorithms, hypertext structure, link analysis},
}

@book{Langville2006,
    author = {Langville, Amy N. and Meyer, Carl D.},
    title = {Google's PageRank and Beyond: The Science of Search Engine Rankings},
    year = {2006},
    isbn = {0691122024},
    publisher = {Princeton University Press},
    address = {Princeton, NJ, USA},
} 

@book{Meyer2000,
    editor = {Meyer, Carl D.},
    title = {Matrix Analysis and Applied Linear Algebra},
    year = {2000},
    isbn = {0-89871-454-0},
    publisher = {Society for Industrial and Applied Mathematics},
    address = {Philadelphia, PA, USA},
}

@online{college_football_graph,
    author = {Sumedh Joshi},
    title = {Google PageRank, NCAA Football, and Luck},
    url = {http://sumedhjoshi.com/football/google-pagerank-and-ncaa-football/}
}

@online{wiki_framerate,
    title = {Frame rate},
    url = {https://en.wikipedia.org/wiki/Frame_rate}
}

@online{wiki_data_compression_video,
    title = {Data compression: video},
    url = {https://en.wikipedia.org/wiki/Data_compression#Video}
}

@online{wiki_lagrange_polynomial,
    title = {Lagrange polynomial},
    url = {https://en.wikipedia.org/wiki/Lagrange_polynomial}
}

@online{alglib_sparse,
    title = {Sparse matrices},
    url = {http://www.alglib.net/matrixops/sparse.php}
}

@online{netlib_ccs,
    title = {Compressed Column Storage (CCS)},
    url = {http://netlib.org/linalg/html_templates/node92.html}
}

@online{netlib_crs,
    title = {Compressed Row Storage (CRS)},
    url = {http://netlib.org/linalg/html_templates/node91.html}
}

@online{stl_map,
    title = {C++ Reference: map},
    url = {http://www.cplusplus.com/reference/map/map/}
}

@online{stl_unordered_map,
    title = {C++ Reference: unordered\_map},
    url = {http://www.cplusplus.com/reference/unordered_map/unordered_map/}
}

@online{wiki_avl,
    title = {AVL tree},
    url = {https://en.wikipedia.org/wiki/AVL_tree}
}

@online{stl_limits,
    title = {C++ Reference: climits},
    url = {http://www.cplusplus.com/reference/climits/}
}

@online{google,
    title = {Google},
    url = {https://en.wikipedia.org/wiki/Google}
}

@online{wikipedia,
    title = {Wikipedia},
    url = {https://www.wikipedia.org/}
}

@online{fifa,
    title = {Fédération Internationale de Football Association},
    url = {http://www.fifa.com/}
}
